<?xml version="1.0" encoding="UTF-8"?><collection xmlns="http://www.loc.gov/MARC21/slim"><record><leader>00505nam--2200145-i-4500</leader><controlfield tag="001">000039907</controlfield><controlfield tag="002">20161230</controlfield><controlfield tag="005">20161230201042</controlfield><controlfield tag="008">060222s1000------------r-----000-0-eng-d</controlfield><datafield ind1=" " ind2=" " tag="080"><subfield code="a">531.5:523.1</subfield></datafield><datafield ind1=" " ind2=" " tag="100"><subfield code="a">Rees,Martin, Ruffini,Remo And Wheeler,John Archibald</subfield></datafield><datafield ind1=" " ind2=" " tag="245"><subfield code="a">Blak holes, gravitational waves and cosmology:an intr.to current research</subfield></datafield><datafield ind1=" " ind2=" " tag="260"><subfield code="a">New York, Gordon And Breach Science Publ.,1974. Xvi + 331 P.+ Appendix Pag.Dif</subfield></datafield><datafield ind1=" " ind2=" " tag="490"><subfield code="a">Topics In Astrophysics And Space Ph</subfield></datafield><datafield ind1=" " ind2=" " tag="852"><subfield code="a">37826</subfield></datafield></record></collection>